%% This BibTeX bibliography file was created using BibDesk.
%% http://bibdesk.sourceforge.net/


%% Created for Lauro Cesar Araujo at 2015-04-27 19:43:45 -0300 


%% Saved with string encoding Unicode (UTF-8) 

@phdthesis{klaus,
	Address = {Curitiba, Brasil},
	Author = {Klaus Kramer},
	Date-Added = {2014},
	Date-Modified = {2014},
	School = {Departamento de Física, Universidade Federal do Paraná},
	Title = {Dinâmica de padrões em autômatos celulares com inércia},
	Url = {https://acervodigital.ufpr.br/handle/1884/37425},
	Urlaccessdate = {3 jul. 2011},
	Year = {2014},
	Bdsk-Url-1 = {https://acervodigital.ufpr.br/handle/1884/37425}}

@article{stauffer,
	Author = {Gérard Weisbuch and Dietrich Stauffer},
	Journal = {Physica A},
	Number = {323},
	Pages = {651-662},
	Title = {Adjustment and social choice},
	Volume = {1},
	Year = {2003}}

@book{statistics,
	Address = {Rio de Janeiro},
	Author = {Allan G. Bluman},
	Date-Added = {2014},
	Date-Modified = {2014},
	Edition = {9},
	Organization = {Community College of Allegheny County},
	Publisher = {McGraw-Hill Education},
	Title = {Elementary Statistics: a step by step approach},
	Urlaccessdate = {},
	Year = {2014}}

@mastersthesis{lazzari,
	Author = {Rodrigo de Lazzari},
	Date-Added = {2018},
	Date-Modified = {2018},
	Keywords = {autômato celular, modelagem, ciclos de expansão e contração},
	School = {Departamento de Física, Universidade Federal do Paraná},
	Title = {Estudo de um autômato celular para modelar ciclos de expansão e contração},
	Type = {Relatório de Pesquisa},
	Year = {2018}}

@book{marion,
	Address = {Belmont, CA, USA},
	Author = {Stephen T. Thornton and Jerry B. Marion},
	Date-Added = {2004},
	Date-Modified = {2004},
	Edition = {5},
	Organization = {Brooks Cole},
	Publisher = {Thomson Learning},
	Title = {Classical Dynamics of Particles and Systems},
	Urlaccessdate = {},
	Year = {2004}}

@book{king,
	Address = {New York},
	Author = {Kimberly Nelson King},
	Date-Added = {2008},
	Date-Modified = {2008},
	Edition = {2},
	Organization = {University of California},
	Publisher = {W W Norton and Company},
	Title = {C Programming: A Modern Approach},
	Urlaccessdate = {},
	Year = {2008}}

@manual{anbima4,
	Address = {São Paulo, SP},
	Date-Added = {2018},
	Date-Modified = {2018},
	Month = {novembro},
	Note = {},
	Org-Short = {ANBIMA},
	Organization = {AssociaÇÃo Brasileira das Entidades dos Mercados Financeiro e de Capitais},
	Pages = 63,
	Subtitle = {Princípios de Investimento},
	Title = {Material de Estudos da Certificação CPA-10},
	Year = 2018}

@manual{anbima3,
	Address = {São Paulo, SP},
	Date-Added = {2018},
	Date-Modified = {2018},
	Month = {novembro},
	Note = {},
	Org-Short = {ANBIMA},
	Organization = {AssociaÇÃo Brasileira das Entidades dos Mercados Financeiro e de Capitais},
	Pages = 49,
	Subtitle = {Conceitos Básicos de Economia e Finanças},
	Title = {Material de Estudos da Certificação CPA-10},
	Year = 2018}

@misc{netlogo,
	Author = {Wilensky},
	Date-Added = {1999},
	Date-Modified = {1999},
	Howpublished = {Publicação Online},
	Keywords = {},
	Title = {NetLogo 6.0.4},
	Url = {https://ccl.northwestern.edu},
	Urlaccessdate = {Julho de 2018},
	Year = {Junho de 2018},
	Bdsk-Url-1 = {https://ccl.northwestern.edu}}

@misc{britannica1,
	Author = {Encyclopaedia	Britannica},
	Date-Added = {},
	Date-Modified = {},
	Howpublished = {Publicação Online},
	Keywords = {},
	Title = {Automaton},
	Url = {https://www.britannica.com/technology/automaton},
	Urlaccessdate = {14 de Dezembro de 2018},
	Year = {},
	Bdsk-Url-1 = {https://www.britannica.com/technology/automaton}}

@misc{britannica2,
	Author = {Encyclopaedia	Britannica},
	Date-Added = {},
	Date-Modified = {},
	Howpublished = {Publicação Online},
	Keywords = {},
	Title = {Automata theory},
	Url = {https://www.britannica.com/technology/automaton},
	Urlaccessdate = {14 de Dezembro de 2018},
	Year = {},
	Bdsk-Url-1 = {https://www.britannica.com/technology/automaton}}

@misc{britannica3,
	Author = {Encyclopaedia	Britannica},
	Date-Added = {},
	Date-Modified = {},
	Howpublished = {Publicação Online},
	Keywords = {},
	Title = {Cellular automata},
	Url = {https://www.britannica.com/technology/automaton},
	Urlaccessdate = {14 de Dezembro de 2018},
	Year = {},
	Bdsk-Url-1 = {https://www.britannica.com/technology/automaton}}

@misc{wolfram,
	Author = {Stephen Wolfram},
	Date-Added = {},
	Date-Modified = {},
	Howpublished = {Publicação Online},
	Keywords = {},
	Title = {A new kind of Science, Online},
	Url = {www.wolframscience.com/nks/},
	Urlaccessdate = {14 de Dezembro de 2018},
	Year = {2018},
	Bdsk-Url-1 = {www.wolframscience.com/nks/}}
